<collection xmlns="http://www.loc.gov/MARC21/slim"><record><leader>00863nam  2200253   450</leader><controlfield tag="001">652</controlfield><controlfield tag="003">http://montalegre.opacnet.com/OPAC/default.aspx?ContentAreaControl=ShowRegHoldings.ascx&amp;RegNo=16662</controlfield><datafield tag="021" ind1=" " ind2=" "><subfield code="a">PT</subfield><subfield code="b">28469/89</subfield></datafield><datafield tag="100" ind1=" " ind2=" "><subfield code="a">20061013d1989----k  y0pory010305  ba</subfield></datafield><datafield tag="101" ind1="0" ind2=" "><subfield code="a">por</subfield></datafield><datafield tag="102" ind1=" " ind2=" "><subfield code="a">PT</subfield></datafield><datafield tag="200" ind1="1" ind2=" "><subfield code="a">&lt;Uma &gt;viagem no verde</subfield><subfield code="f">José Jorge Letria</subfield><subfield code="g">il. de Henrique Cayatte</subfield></datafield><datafield tag="205" ind1=" " ind2=" "><subfield code="a">2ª ed</subfield></datafield><datafield tag="210" ind1=" " ind2=" "><subfield code="a">Lisboa</subfield><subfield code="c">Vega</subfield><subfield code="d">D.L. 1989</subfield></datafield><datafield tag="215" ind1=" " ind2=" "><subfield code="a">30 p.</subfield><subfield code="c">il.</subfield><subfield code="d">23 cm</subfield></datafield><datafield tag="225" ind1="2" ind2=" "><subfield code="a">Grandes pequeninos</subfield><subfield code="v">1</subfield></datafield><datafield tag="334" ind1=" " ind2=" "><subfield code="a">Prémio "O ambiente na literatura infantil"- 1986 da Secretaria de Estado do Ambiente</subfield></datafield><datafield tag="606" ind1=" " ind2=" "><subfield code="a">Literatura infantil</subfield></datafield><datafield tag="606" ind1=" " ind2=" "><subfield code="a">Ambiente</subfield></datafield><datafield tag="675" ind1=" " ind2=" "><subfield code="a">82-93</subfield><subfield code="v">BN</subfield><subfield code="z">por</subfield></datafield><datafield tag="700" ind1=" " ind2="1"><subfield code="a">Letria</subfield><subfield code="b">José Jorge</subfield><subfield code="f">1951-</subfield></datafield><datafield tag="702" ind1=" " ind2="1"><subfield code="a">Cayatte</subfield><subfield code="b">Henrique</subfield><subfield code="f">1957-</subfield><subfield code="4">440</subfield></datafield><datafield tag="801" ind1=" " ind2="0"><subfield code="a">PT</subfield><subfield code="b">Biblioteca Municipal de Montalegre</subfield><subfield code="g">RPC</subfield></datafield><datafield tag="856" ind1=" " ind2=" "><subfield code="u">locateMedia.asp?cod=20060523095846&amp;ext=jpg</subfield><subfield code="z">CAPA</subfield></datafield><datafield tag="909" ind1="&#9;" ind2=" "><subfield code="a">1</subfield></datafield><datafield tag="966" ind1=" " ind2=" "><subfield code="a">0001584</subfield><subfield code="l">BMM</subfield><subfield code="s">SI 82-93 LET uma 1</subfield></datafield></record></collection>